% This file was created with JabRef 2.9.2.
% Encoding: UTF-8

@BOOK{ismed1,
  title = {Earth Science: The Philippines in focus.},
  publisher = {Institute for Science and Mathematics Education Development},
  year = {1983},
  author = {ISMED},
  address = {Quezon City (PH)},
  owner = {joseph},
  timestamp = {2013.03.04}
}

@BOOK{ramsey,
  title = {Modern Earth Science},
  publisher = {Harcourt Brace Company},
  year = {1998},
  author = {W L Ramsey and R J Sager and C R Phillips and F M Watenpugh},
  address = {New York}
}

